@inproceedings{thies2016face2face,
  title={Face2face: Real-time face capture and reenactment of rgb videos},
  author={Thies, Justus and Zollhofer, Michael and Stamminger, Marc and Theobalt, Christian and Nie{\ss}ner, Matthias},
  booktitle={Proceedings of the IEEE conference on computer vision and pattern recognition},
  pages={2387--2395},
  year={2016}
}

@article{mcculloch1943logical,
  title={A logical calculus of the ideas immanent in nervous activity},
  author={McCulloch, Warren S and Pitts, Walter},
  journal={The bulletin of mathematical biophysics},
  volume={5},
  pages={115--133},
  year={1943},
  publisher={Springer}
}

@article{rosenblatt1958perceptron,
  title={The perceptron: a probabilistic model for information storage and organization in the brain.},
  author={Rosenblatt, Frank},
  journal={Psychological review},
  volume={65},
  number={6},
  pages={386},
  year={1958},
  publisher={American Psychological Association}
}

@article{rumelhart1986learning,
  title={Learning representations by back-propagating errors},
  author={Rumelhart, David E and Hinton, Geoffrey E and Williams, Ronald J},
  journal={nature},
  volume={323},
  number={6088},
  pages={533--536},
  year={1986},
  publisher={Nature Publishing Group UK London}
}

@article{hinton2006reducing,
  title={Reducing the dimensionality of data with neural networks},
  author={Hinton, Geoffrey E and Salakhutdinov, Ruslan R},
  journal={science},
  volume={313},
  number={5786},
  pages={504--507},
  year={2006},
  publisher={American Association for the Advancement of Science}
}

@misc{neuron-anatomy,
  author = {Bruce Blaus},
  title = {Multipolar neuron},
  year = {2013},
  howpublished = {\url{https://en.wikipedia.org/wiki/Neuron}},
  note = {Accesat: 7 Mai 2024}
}

@misc{the-perecptron,
  title = {Perceptron Definition},
  howpublished = {\url{https://images.deepai.org/glossary-terms/perceptron-6168423.jpg}},
  note = {Accesat: 8 Mai 2024}
}

@book{ageron2019,
  author         = {Aurélien Géron},
  editor         = {Nicole Taché and Michele Cronin},
  publisher      = {O'Reilly Media},
  title          = {Hands-On Machine Learning with Scikit-Learn, Keras, and TensorFlow: Concepts, Tools, and Techniques to Build Intelligent Systems},
  year           = {2022}
}

@article{minsky1969introduction,
  title={An introduction to computational geometry},
  author={Minsky, Marvin and Papert, Seymour},
  journal={Cambridge tiass., HIT},
  volume={479},
  number={480},
  pages={104},
  year={1969}
}

@phdthesis{phdthesis,
author = {Fanta, Matěj},
year = {2019},
month = {08},
pages = {},
title = {Rules extraction from deep neural networks Master thesis},
doi = {10.13140/RG.2.2.22319.28324}
}

@misc{GD,
  title = {Gradient Descent},
  howpublished ={\url{https://pantelis.github.io/cs634/docs/common/lectures/optimization/sgd/}},
  note = {Accesat: 9 Mai 2024}
}

@misc{learning-rate,
  title = {Optimal learning rate },
  howpublished ={\url{https://nanonets.com/blog/hyperparameter-optimization/}},
  note = {Accesat: 10 Mai 2024}
}

@article{polyak1964some,
  title={Some methods of speeding up the convergence of iteration methods},
  author={Polyak, Boris T},
  journal={Ussr computational mathematics and mathematical physics},
  volume={4},
  number={5},
  pages={1--17},
  year={1964},
  publisher={Elsevier}
}

@article{kingma2014adam,
  title={Adam: A method for stochastic optimization},
  author={Kingma, Diederik P and Ba, Jimmy},
  journal={arXiv preprint arXiv:1412.6980},
  year={2014}
}

@article{duchi2011adaptive,
  title={Adaptive subgradient methods for online learning and stochastic optimization.},
  author={Duchi, John and Hazan, Elad and Singer, Yoram},
  journal={Journal of machine learning research},
  volume={12},
  number={7},
  year={2011}
}

@article{rmsprop,
  title = {Neural Networks for Machine Learning, Lecture 6},
  author = {Geoffrey Hinton},
  howpublished ={\url{https://www.cs.toronto.edu/~hinton/coursera_lectures.html}},
  year = 2012,
  publisher = {Coursera}
}

@article{lecun1998gradient,
  title={Gradient-based learning applied to document recognition},
  author={LeCun, Yann and Bottou, L{\'e}on and Bengio, Yoshua and Haffner, Patrick},
  journal={Proceedings of the IEEE},
  volume={86},
  number={11},
  pages={2278--2324},
  year={1998},
  publisher={Ieee}
}

@article{krizhevsky2012imagenet,
  title={Imagenet classification with deep convolutional neural networks},
  author={Krizhevsky, Alex and Sutskever, Ilya and Hinton, Geoffrey E},
  journal={Advances in neural information processing systems},
  volume={25},
  year={2012}
}

@article{simonyan2014very,
  title={Very deep convolutional networks for large-scale image recognition},
  author={Simonyan, Karen and Zisserman, Andrew},
  journal={arXiv preprint arXiv:1409.1556},
  year={2014}
}

@inproceedings{szegedy2015going,
  title={Going deeper with convolutions},
  author={Szegedy, Christian and Liu, Wei and Jia, Yangqing and Sermanet, Pierre and Reed, Scott and Anguelov, Dragomir and Erhan, Dumitru and Vanhoucke, Vincent and Rabinovich, Andrew},
  booktitle={Proceedings of the IEEE conference on computer vision and pattern recognition},
  pages={1--9},
  year={2015}
}

@inproceedings{he2016deep,
  title={Deep residual learning for image recognition},
  author={He, Kaiming and Zhang, Xiangyu and Ren, Shaoqing and Sun, Jian},
  booktitle={Proceedings of the IEEE conference on computer vision and pattern recognition},
  pages={770--778},
  year={2016}
}

@misc{convolution,
  title = {Example of a convolution operation},
  howpublished ={\url{https://www.davidsbatista.net/blog/2018/03/31/SentenceClassificationConvNets/}},
  note = {Accesat: 13 Mai 2024}
}

@misc{stride,
  title = {Stride},
  howpublished ={\url{https://viraai.com//}},
  note = {Accesat: 14 Mai 2024}
}

@misc{padding,
  title = {Padding types},
  author = {Szymon Manduk}, 
  howpublished ={\url{https://manduk.ai/convolutional-neural-network-image-recognition-part-2/}},
  note = {Accesat: 14 Mai 2024}
}

@misc{rgb,
    title = {Data Hiding Method for Color AMBTC Compressed Images Using Color Difference - Scientific Figure on ResearchGate},
    howpublished ={\url{https://www.researchgate.net/figure/RGB-image-consisting-of-three-layers_fig1_350817724}},
    note = {Accesat: 15 Mai 2024}
}

@misc{conv_rgb,
    howpublished ={\url{https://entiretydotai.github.io/blogs/images/copied_from_nb/images/conv3d.png}},
    note = {Accesat: 15 Mai 2024}
}

@misc{pooling,
    title = {Types of Pooling},
    author = {Sumit Saha},
    howpublished ={\url{https://saturncloud.io/blog/a-comprehensive-guide-to-convolutional-neural-networks-the-eli5-way/}},
    note = {Accesat: 15 Mai 2024}
}

@misc{fully-connected,
    title = {A Comprehensive Guide to Convolutional Neural Networks},
    author = {Pragati Baheti},
    howpublished ={\url{https://www.v7labs.com/blog/convolutional-neural-networks-guide}},
    note = {Accesat: 15 Mai 2024}
}

@article{srivastava2014dropout,
  title={Dropout: a simple way to prevent neural networks from overfitting},
  author={Srivastava, Nitish and Hinton, Geoffrey and Krizhevsky, Alex and Sutskever, Ilya and Salakhutdinov, Ruslan},
  journal={The journal of machine learning research},
  volume={15},
  number={1},
  pages={1929--1958},
  year={2014},
  publisher={JMLR. org}
}

@inproceedings{ng2004feature,
  title={Feature selection, L 1 vs. L 2 regularization, and rotational invariance},
  author={Ng, Andrew Y},
  booktitle={Proceedings of the twenty-first international conference on Machine learning},
  pages={78},
  year={2004}
}

@inproceedings{kohavi1995study,
  title={A study of cross-validation and bootstrap for accuracy estimation and model selection},
  author={Kohavi, Ron and others},
  booktitle={Ijcai},
  volume={14},
  number={2},
  pages={1137--1145},
  year={1995},
  organization={Montreal, Canada}
}

@misc{under_vs_over,
    howpublished ={\url{https://media.geeksforgeeks.org/wp-content/cdn-uploads/20190523171258/overfitting_2.png}},
    note = {Accesat: 15 Mai 2024}
}

@inproceedings{li2020celeb,
  title={Celeb-df: A large-scale challenging dataset for deepfake forensics},
  author={Li, Yuezun and Yang, Xin and Sun, Pu and Qi, Honggang and Lyu, Siwei},
  booktitle={Proceedings of the IEEE/CVF conference on computer vision and pattern recognition},
  pages={3207--3216},
  year={2020}
}

@misc{rössler2019faceforensics,
      title={FaceForensics++: Learning to Detect Manipulated Facial Images}, 
      author={Andreas Rössler and Davide Cozzolino and Luisa Verdoliva and Christian Riess and Justus Thies and Matthias Nießner},
      year={2019},
      eprint={1901.08971},
      archivePrefix={arXiv},
      primaryClass={cs.CV}
}

@misc{khan2021adversarially,
      title={Adversarially robust deepfake media detection using fused convolutional neural network predictions}, 
      author={Sohail Ahmed Khan and Alessandro Artusi and Hang Dai},
      year={2021},
      eprint={2102.05950},
      archivePrefix={arXiv},
      primaryClass={cs.CV}
}

@InProceedings{Chollet_2017_CVPR,
author = {Chollet, Francois},
title = {Xception: Deep Learning With Depthwise Separable Convolutions},
booktitle = {Proceedings of the IEEE Conference on Computer Vision and Pattern Recognition (CVPR)},
month = {July},
year = {2017}
}

@misc{zhou2018twostream,
      title={Two-Stream Neural Networks for Tampered Face Detection}, 
      author={Peng Zhou and Xintong Han and Vlad I. Morariu and Larry S. Davis},
      year={2018},
      eprint={1803.11276},
      archivePrefix={arXiv},
      primaryClass={cs.CV}
}

@misc{li2019exposing,
      title={Exposing DeepFake Videos By Detecting Face Warping Artifacts}, 
      author={Yuezun Li and Siwei Lyu},
      year={2019},
      eprint={1811.00656},
      archivePrefix={arXiv},
      primaryClass={cs.CV}
}

@misc{faceswap,
    title = "Deepfakes github",
    howpublished ={\url{https://github.com/deepfakes/faceswap}},
    note = {Accesat: 15 Mai 2024}
}

@article{thies2019deferred,
  title={Deferred neural rendering: Image synthesis using neural textures},
  author={Thies, Justus and Zollh{\"o}fer, Michael and Nie{\ss}ner, Matthias},
  journal={Acm Transactions on Graphics (TOG)},
  volume={38},
  number={4},
  pages={1--12},
  year={2019},
  publisher={ACM New York, NY, USA}
}

@misc{bonettini2020video,
      title={Video Face Manipulation Detection Through Ensemble of CNNs}, 
      author={Nicolò Bonettini and Edoardo Daniele Cannas and Sara Mandelli and Luca Bondi and Paolo Bestagini and Stefano Tubaro},
      year={2020},
      eprint={2004.07676},
      archivePrefix={arXiv},
      primaryClass={cs.CV}
}

@article{vaswani2017attention,
  title={Attention is all you need},
  author={Vaswani, Ashish and Shazeer, Noam and Parmar, Niki and Uszkoreit, Jakob and Jones, Llion and Gomez, Aidan N and Kaiser, {\L}ukasz and Polosukhin, Illia},
  journal={Advances in neural information processing systems},
  volume={30},
  year={2017}
}

@inproceedings{tan2019efficientnet,
  title={Efficientnet: Rethinking model scaling for convolutional neural networks},
  author={Tan, Mingxing and Le, Quoc},
  booktitle={International conference on machine learning},
  pages={6105--6114},
  year={2019},
  organization={PMLR}
}